\section{Bibliography}  
@misc{,
       author = " ",
       title = " ",
       year = ", " }

\renewcommand*{\refname}{}

\begin{thebibliography}{99}
@misc{website:,
      author = "",
      title = " ",
      month = "",
      year = "2016",
      url = "<http://www./>"
}

@misc{website:,
      author = ", .",
      title = " .",
      month = "",
      year = "",
      url = ">"
}

@misc{website:,
      author = "",
      title = ".",
      month = "",
      year = "2016",
      url = "<https:///>"
}

@misc{website:,
      author = "",
      title = "",
      month = "",
      year = "2016",
      url = "<http://www/>"
}

@misc{website:,
      author = "",
      title = "",
      month = "",
      year = "2016",
      url = "<https:///>"
}


@misc{website:,
      author = ", .",
      title = ".",
      month = "",
      year = "2016",
      url = " <ftp:///>"
}

\end{thebibliography}
\printbibliography