%% LaTeX2e file `tcc.bib'
%% generated by the `filecontents' environment
%% from source `tcc' on 2016/06/18.
%%
@book{key,
author = {Author, A.},
year = {2001},
title = {Title},
publisher = {Publisher},
}
